#FLAGGA 0
#PROGRAM "EVOCORP-EXPORTER" 0.1
#FORMAT PC8
#GEN 20240501
#ORGNR 559457-6927
#FNAMN "Evocorp AB"
#VALUTA SEK
#FTYP AB
#VER O 1 20240417 "GL-279807"
{
#TRANS 1510 {} 15 20240501
#TRANS 3051 {} -12 20240501
#TRANS 2611 {} -3 20240501
}
#VER O 2 20240417 "GL-655237"
{
#TRANS 1510 {} 15 20240501
#TRANS 3051 {} -12 20240501
#TRANS 2611 {} -3 20240501
}